%bibtex file for SUSY multilepton PAS
@Article{Khachatryan:2010xn,
     author    = "Khachatryan, Vardan and others",
 collaboration = "CMS",
     title     = "{Measurements of Inclusive $W$ and $Z$ Cross Sections in pp
                  Collisions at sqrt(s)=7 TeV}",
     journal   = "JHEP",
     volume    = "01",
     year      = "2011",
     pages     = "1",
     doi       = "10.1007/JHEP01(2011)080",
     SLACcitation  = "%%CITATION = 1012.2466;%%"
} @Article{Khachatryan:2011tk, 
     author    = "Khachatryan, Vardan and others",
 collaboration = "CMS",
     title     = "{Search for Supersymmetry in pp Collisions at 7 TeV in
                  Events with Jets and Missing Transverse Energy}",
journal = "Phys. Lett.",
volume = "B698",
year = "2011",
pages = "196",
doi  ="10.1016/j.physletb.2011.03.021"
} 
@Article{Dimopoulos:1996va, 
     author    = "Dimopoulos, Savas and Thomas, Scott D. and Wells, James D.
                  ",
     title     = "{Implications of low energy supersymmetry breaking at the
                  Fermilab Tevatron}",
     journal   = "Phys. Rev.",
     volume    = "D54",
     year      = "1996",
     pages     = "3283",
     doi       = "10.1103/PhysRevD.54.3283",
     SLACcitation  = "%%CITATION = HEP-PH/9604452;%%"
}
@Article{Dube:2008kf,
     author    = "Dube, S. and others",
     title     = "{Addressing the Multi-Channel Inverse Problem at High
                  Energy Colliders: A Model Independent Approach to the
                  Search for New Physics with Trileptons}",
     year      = "2008",
     eprint    = "0808.1605",
     archivePrefix = "arXiv",
     primaryClass  =  "hep-ph",
     SLACcitation  = "%%CITATION = 0808.1605;%%"
}
@Article{Ruderman:2010kj,
      author    = "Ruderman, Joshua T. and Shih, David",
      title     = "{Slepton co-NLSPs at the Tevatron}",
      year      = "2010",
      eprint    = "1009.1665",
      archivePrefix = "arXiv",
      primaryClass  =  "hep-ph",
      SLACcitation  = "%%CITATION = 1009.1665;%%"
}
@Article{Culbertson:2000am,
     author    = "Culbertson, Ray L. and others",
 collaboration = "SUSY Working Group",
     title     = "{Low-scale and gauge-mediated supersymmetry breaking at the
                  Fermilab Tevatron Run II}",
     year      = "2000",
     eprint    = "hep-ph/0008070",
     archivePrefix = "arXiv",
     SLACcitation  = "%%CITATION = HEP-PH/0008070;%%"
}
@Article{Wess:1977fn,
     author    = "Wess, J. and Zumino, B.",
     title     = "{Superspace Formulation of Supergravity}",
     journal   = "Phys. Lett.",
     volume    = "B66",
     year      = "1977",
     pages     = "361",
     doi       = "10.1016/0370-2693(77)90015-6",
     SLACcitation  = "%%CITATION = PHLTA,B66,361;%%"
}
@Article{Agostinelli:2002hh,
     author    = "Agostinelli, S. and others",
 collaboration = "GEANT4",
     title     = "{GEANT4: A simulation toolkit}",
     journal   = "Nucl. Instrum. Meth.",
     volume    = "A506",
     year      = "2003",
     pages     = "250",
     doi       = "10.1016/S0168-9002(03)01368-8",
     SLACcitation  = "%%CITATION = NUIMA,A506,250;%%"
}
@Article{Sjostrand:2007gs,
     author    = "Sj$\ddot{o}$strand, T. and Mrenna, S. and Skands, P.Z.",
     title     = "{A Brief Introduction to PYTHIA 8.1}",
     journal   = "Comput. Phys. Commun.",
     volume    = "178",
     year      = "2008",
     pages     = "852",
     doi       = "10.1016/j.cpc.2008.01.036",
     SLACcitation  = "%%CITATION = 0710.3820;%%"
}
@Article{Maltoni:2002qb,
     author    = "Maltoni, F. and Stelzer, T.",
     title     = "{MadEvent: Automatic event generation with MadGraph}",
     journal   = "JHEP",
     volume    = "02",
     year      = "2003",
     pages     = "027",
   doi    = "10.1088/1126-6708/2003/02/027",
   SLACcitation  = "%%CITATION = HEP-PH/0208156;%%"
}
@Article{Nakamura:2010zzi,
     author    = "Nakamura, K.",
 collaboration = "Particle Data Group",
     title     = "{Review of particle physics}",
     journal   = "J. Phys.",
     volume    = "G37",
     year      = "2010",
     pages     = "075021",
     doi       = "10.1088/0954-3899/37/7A/075021",
     SLACcitation  = "%%CITATION = JPHGB,G37,075021;%%"
}
@Article{Abazov:2009zi,
     author    = "Abazov, V. M. and others",
 collaboration = "D0",
     title     = "{Search for associated production of charginos and
                  neutralinos in the trilepton final state using 2.3 fb$^{-1}$ of
                  data}",
     journal   = "Phys. Lett.",
     volume    = "B680",
     year      = "2009",
     pages     = "34",
     doi       = "10.1016/j.physletb.2009.08.011",
     SLACcitation  = "%%CITATION = 0901.0646;%%"
}
@Article{Aaltonen:2008pv,
     author    = "Aaltonen, T. and others",
 collaboration = "CDF",
     title     = "{Search for Supersymmetry in $p \bar{p}$ Collisions at
                  $\sqrt{s}$ = 1.96-TeV Using the Trilepton Signature for
                  Chargino-Neutralino Production}",
     journal   = "Phys. Rev. Lett.",
     volume    = "101",
     year      = "2008",
     pages     = "251801",
     doi       = "10.1103/PhysRevLett.101.251801",
     SLACcitation  = "%%CITATION = 0808.2446;%%"
}
@Article{Abulencia:2007mp,
     author    = "Abulencia, A. and others",
 collaboration = "CDF",
     title     = "{Search for anomalous production of multilepton events in
                  $p \bar{p}$ collisions at $\sqrt{s}$ = 1.96-TeV}",
     journal   = "Phys. Rev. Lett.",
     volume    = "98",
     year      = "2007",
     pages     = "131804",
     doi       = "10.1103/PhysRevLett.98.131804",
     SLACcitation  = "%%CITATION = 0706.4448;%%"
}
@Article{Abazov:2006nw,
     author    = "Abazov, V. M. and others",
 collaboration = "D0",
     title     = "{Search for R-parity violating supersymmetry via the $LL
                  \overline{E}$ couplings $\lambda_{121}$, $\lambda_{122}$ or
                  $\lambda_{133}$ in $p \bar{p}$ collisions at $\sqrt{s}$ =
                  1.96-TeV}",
     journal   = "Phys. Lett.",
     volume    = "B638",
     year      = "2006",
     pages     = "441",
      doi       = "10.1016/j.physletb.2006.05.077",
     SLACcitation  = "%%CITATION = HEP-EX/0605005;%%"
}

@Article{D0sqgl, 
    author="Abazov, V. M. and others", 
    collaboration="D0", 
    title = "Search for squarks and gluinos in events with jets 
                  and missing transverse energy using 
                  2.1~$\mathrm{fb}^{-1}$ of p$\mathrm{\bar{p}}$ 
                  collision data at $\sqrt{s} = 1.96~\TeV$", 
    journal="Phys. Lett.", 
    volume="B660", 
    pages="449", 
    year="2008", 
    doi="10.1016/j.physletb.2008.01.042" 
} 


@Article{Chatrchyan:2009qm,
     author    = "Chatrchyan, Serguei and others",
 collaboration = "CMS",
     title     = "{Performance and Operation of the CMS Electromagnetic
                  Calorimeter}",
     journal   = "JINST",
     volume    = "5",
     year      = "2010",
     pages     = "T03010",
     eprint    = "0910.3423",
     archivePrefix = "arXiv",
     primaryClass  =  "physics.ins-det",
     doi       = "10.1088/1748-0221/5/03/T03010",
     SLACcitation  = "%%CITATION = 0910.3423;%%"
}
@Article{Chatrchyan:2009hb,
     author    = "Chatrchyan, Serguei and others",
 collaboration = "CMS",
     title     = "{Commissioning of the CMS Experiment and the Cosmic Run at
                  Four Tesla}",
     journal   = "JINST",
     volume    = "5",
     year      = "2010",
     pages     = "T03001",
     doi       = "10.1088/1748-0221/5/03/T03001",
     SLACcitation  = "%%CITATION = 0911.4845;%%"
}
@Article{Chatrchyan:2009hw,
     author    = "Chatrchyan, Serguei and others",
 collaboration = "CMS",
     title     = "{Performance of CMS Hadron Calorimeter Timing and
                  Synchronization using Test Beam, Cosmic Ray, and LHC Beam
                  Data}",
     journal   = "JINST",
     volume    = "5",
     year      = "2010",
     pages     = "T03013",
     eprint    = "0911.4877",
     archivePrefix = "arXiv",
     primaryClass  =  "physics.ins-det",
     doi       = "10.1088/1748-0221/5/03/T03013",
     SLACcitation  = "%%CITATION = 0911.4877;%%"
}
@Article{Chatrchyan:2009ic,
     author    = "Chatrchyan, Serguei and others",
 collaboration = "CMS",
     title     = "{Commissioning of the CMS High-Level Trigger with Cosmic
                  Rays}",
     journal   = "JINST",
     volume    = "5",
     year      = "2010",
     pages     = "T03005",
     eprint    = "0911.4889",
     archivePrefix = "arXiv",
     primaryClass  =  "physics.ins-det",
     doi       = "10.1088/1748-0221/5/03/T03005",
     SLACcitation  = "%%CITATION = 0911.4889;%%"
}
@Article{Chatrchyan:2009ih,
     author    = "Chatrchyan, Serguei and others",
 collaboration = "CMS",
     title     = "{Calibration of the CMS Drift Tube Chambers and Measurement
                  of the Drift Velocity with Cosmic Rays}",
     journal   = "JINST",
     volume    = "5",
     year      = "2010",
     pages     = "T03016",
     eprint    = "0911.4895",
     archivePrefix = "arXiv",
     primaryClass  =  "physics.ins-det",
     doi       = "10.1088/1748-0221/5/03/T03016",
     SLACcitation  = "%%CITATION = 0911.4895;%%"
}
@Article{:2009vn,
     author    = "Chatrchyan, Serguei and others",
 collaboration = "CMS",
     title     = "{Performance of the CMS Hadron Calorimeter with Cosmic Ray
                  Muons and LHC Beam Data}",
     journal   = "JINST",
     volume    = "5",
     year      = "2010",
     pages     = "T03012",
     eprint    = "0911.4991",
     archivePrefix = "arXiv",
     primaryClass  =  "physics.ins-det",
     doi       = "10.1088/1748-0221/5/03/T03012",
     SLACcitation  = "%%CITATION = 0911.4991;%%"
}
@Article{:2009vp,
     author    = "Chatrchyan, Serguei and others",
 collaboration = "CMS",
     title     = "{Performance of the CMS Cathode Strip Chambers with Cosmic
                  Rays}",
     journal   = "JINST",
     volume    = "5",
     year      = "2010",
     pages     = "T03018",
     eprint    = "0911.4992",
     archivePrefix = "arXiv",
     primaryClass  =  "physics.ins-det",
     doi       = "10.1088/1748-0221/5/03/T03018",
     SLACcitation  = "%%CITATION = 0911.4992;%%"
}
@Article{:2009vq,
     author    = "Chatrchyan, Serguei and others",
 collaboration = "CMS",
     title     = "{Performance of CMS Muon Reconstruction in Cosmic-Ray
                  Events}",
     journal   = "JINST",
     volume    = "5",
     year      = "2010",
     pages     = "T03022",
     eprint    = "0911.4994",
     archivePrefix = "arXiv",
     primaryClass  =  "physics.ins-det",
     doi       = "10.1088/1748-0221/5/03/T03022",
     SLACcitation  = "%%CITATION = 0911.4994;%%"
}
@Article{:2009vs,
     author    = "Chatrchyan, Serguei and others",
 collaboration = "CMS",
     title     = "{Commissioning and Performance of the CMS Silicon Strip
                  Tracker with Cosmic Ray Muons}",
     journal   = "JINST",
     volume    = "5",
     year      = "2010",
     pages     = "T03008",
     eprint    = "0911.4996",
     archivePrefix = "arXiv",
     primaryClass  =  "physics.ins-det",
     doi       = "10.1088/1748-0221/5/03/T03008",
     SLACcitation  = "%%CITATION = 0911.4996;%%"
}
@Article{:2009dq,
     author    = "Chatrchyan, Serguei and others",
 collaboration = "CMS",
     title     = "{Performance of the CMS Level-1 Trigger during
                  Commissioning with Cosmic Ray Muons}",
     journal   = "JINST",
     volume    = "5",
     year      = "2010",
     pages     = "T03002",
     eprint    = "0911.5422",
     archivePrefix = "arXiv",
     primaryClass  =  "physics.ins-det",
     doi       = "10.1088/1748-0221/5/03/T03002",
     SLACcitation  = "%%CITATION = 0911.5422;%%"
}
@Article{:2009dv,
     author    = "Chatrchyan, Serguei and others",
 collaboration = "CMS",
     title     = "{Commissioning and Performance of the CMS Pixel Tracker
                  with Cosmic Ray Muons}",
     journal   = "JINST",
     volume    = "5",
     year      = "2010",
     pages     = "T03007",
     eprint    = "0911.5434",
     archivePrefix = "arXiv",
     primaryClass  =  "physics.ins-det",
     doi       = "10.1088/1748-0221/5/03/T03007",
     SLACcitation  = "%%CITATION = 0911.5434;%%"
}

@Article{Khachatryan:2010pw,
     author    = "Khachatryan, V. and others",
 collaboration = "CMS",
     title     = "{CMS Tracking Performance Results from early LHC
                  Operation}",
     year      = "2010",
     eprint    = "1007.1988",
     archivePrefix = "arXiv",
     primaryClass  =  "physics.ins-det",
     SLACcitation  = "%%CITATION = 1007.1988;%%"
}
%
@Article{:2008zzk,
     author    = "Adolphi, R. and others",
 collaboration = "CMS",
     title     = "{The CMS experiment at the CERN LHC}",
     journal   = "JINST",
     volume    = "0803",
     year      = "2008",
     pages     = "S08004",
     doi       = "10.1088/1748-0221/3/08/S08004",
     SLACcitation  = "%%CITATION = JINST,0803,S08004;%%"
}
@ARTICLE{EWK-10-002,
     COLLABORATION = "CMS",
     TITLE        = "Measurements of Inclusive $W$ and $Z$ Cross Sections in pp Collisions at $\sqrt{s}$ = 7 TeV",
     JOURNAL      = "CMS Physics Analysis Summary",
     VOLUME      = "\href{http://cms-physics.web.cern.ch/cms-physics/public/EWK-10-002-pas.pdf}
     {http://cms-physics.web.cern.ch/cms-physics/public/EWK-10-002-pas.pdf}",
     YEAR         = "2010"
}
@ARTICLE{PFT-08-001,
     COLLABORATION = "CMS",
     TITLE        = "CMS Strategies for tau reconstruction and identification using particle-flow techniques",
     JOURNAL      = "CMS Physics Analysis Summary",
     VOLUME      = "\href{http://cms-physics.web.cern.ch/cms-physics/public/PFT-08-001-pas.pdf}
     {CMS-PAS-PFT-08-001}",
     YEAR         = "2010"
}
@ARTICLE{PFT-10-002,
     COLLABORATION = "CMS",
     TITLE        = "Commissioning of the Particle-Flow Reconstruction in Minimum-Bias and Jet Events from pp Collisions at 7 TeV",
     JOURNAL      = "CMS Physics Analysis Summary",
     VOLUME      = "\href{http://cms-physics.web.cern.ch/cms-physics/public/PFT-10-002-pas.pdf}
     {CMS-PAS-PFT-10-002}",
     YEAR         = "2010"
}
@ARTICLE{PFT-10-004,
     COLLABORATION = "CMS",
     TITLE        = "Study of tau reconstruction algorithms using pp collisions data collected at $\sqrt{s}$ = 7 TeV",
     JOURNAL      = "CMS Physics Analysis Summary",
     VOLUME       = "\href{http://cms-physics.web.cern.ch/cms-physics/public/PFT-10-004-pas.pdf}
     {CMS-PAS-PFT-10-004}",
     YEAR         = "2010"
}
@ARTICLE{EGM-10-004,
     COLLABORATION = "CMS",
     TITLE        = "Electron reconstruction and identification at $\sqrt{s}$ = 7 TeV",
     JOURNAL      = "CMS Physics Analysis Summary",
     VOLUME       = "\href{http://cms-physics.web.cern.ch/cms-physics/public/EGM-10-004-pas.pdf}
     {CMS-PAS-EGM-10-004}",
     YEAR         = "2010"
}
@ARTICLE{2010-4mu,
     COLLABORATION = "CMS",
     TITLE        = "(Placeholder) 4$\mu$ CMS Events at $\sqrt{s}$ = 7 TeV",
     JOURNAL      = "CMS Public Repository",
     VOLUME       = "\href{http://cms-physics.web.cern.ch/cms-physics/public/xxx}{yyyy}",
     YEAR         = "2010"
}
@ARTICLE{CR-2009/074,
     COLLABORATION = "CMS",
     TITLE        = "Fast Simulation of the CMS Detector",
     JOURNAL      = "CMS Conference Report",
     VOLUME       = "\href{http://cms.cern.ch/iCMS/jsp/openfile.jsp?type=CR&year=2009&files=CR2009_074.pdf}
     {http://cms.cern.ch/iCMS/jsp/openfile.jsp?type=CR&year=2009&files=CR2009_074.pdf}",
     YEAR         = "2009"
} 
@ARTICLE{roostats1, 
     COLLABORATION = "",
     TITLE        = "CERN RooStats Userguide",
     url="http://root.cern.ch/viewcvs/branches/dev/roostats/roofit/roostats/doc/usersguide/RooStats_UsersGuide.pdf",
     VOLUME       = "",
     YEAR         = ""
} 
@Unpublished{roostats, 
     author    = "Moneta, L. and others",
     title     = "{The RooStats Project}",
     year    = "2010",
     eprint    = "1009.1003",
     archivePrefix = "arXiv"
} 
@Article{lhcnp, 
            collaboration          ="LHC New Physics Working Group",
            title           ="Multilepton GMSB Scenarios for Early LHC Running",
            year            ="2010",
            month           ="June",
            organization    ="CERN",
          journal         ="to be published",
          volume            = "\href{http://www.lhcnewphysics.org/l.025.00.r000}{\rm http://www.lhcnewphysics.org/l.025.00.r000}"
}
@ARTICLE{lepsusy,
     COLLABORATION = "LEP2 SUSY Working Group",
     TITLE        = "Combined LEP Selectron/Smuon/Stau Results, 183-208 GeV",
     JOURNAL      = "\href{http://lepsusy.web.cern.ch/lepsusy/www/sleptons\_summer04/slep\_final.html}
     {\rm http://lepsusy.web.cern.ch/lepsusy/www/sleptons\_summer04/slep\_final.html}",
     VOLUME       = "",
     YEAR         = ""
}
@ARTICLE{MUO-10-002,
     COLLABORATION = "CMS",
     TITLE        = "Performance of muon identification in pp collisions at $\sqrt{s}$ = 7 TeV",
     JOURNAL      = "CMS Physics Analysis Summary",
     VOLUME      = "\href{http://cms-physics.web.cern.ch/cms-physics/public/MUO-10-002-pas.pdf}
     {CMS-PAS-MUO-10-002}",
     YEAR         = "2010"
}
@ARTICLE{JME-10-004,
     COLLABORATION = "CMS",
     TITLE        = "Missing Transverse Energy Performance in Minimum-Bias and Jet Events from Proton-Proton Collisions  at $\sqrt{s}$ = 7 TeV",
     JOURNAL      = "CMS Physics Analysis Summary",
     VOLUME       = "\href{http://cms-physics.web.cern.ch/cms-physics/public/JME-10-004-pas.pdf}
     {CMS-PAS-JME-10-004}",
     YEAR         = "2010"
}
@ARTICLE{JME-10-005,
     COLLABORATION = "CMS",
     TITLE        = "CMS MET Performance in Events Containing Electroweak Bosons from pp Collisions at $\sqrt{s}$ = 7 TeV",
     JOURNAL      = "CMS Physics Analysis Summary",
     VOLUME       = "\href{http://cms-physics.web.cern.ch/cms-physics/public/JME-10-005-pas.pdf}
     {CMS-PAS-JME-10-005}",
     YEAR         = "2010"
}
@Article{Ball:2007zza,
     author    = "Bayatian, G. L. and others",
 collaboration = "CMS",
     title     = "{CMS technical design report, volume II: Physics
                  performance}",
     journal   = "J. Phys.",
     volume    = "G34",
     year      = "2007",
     pages     = "995",
     doi       = "10.1088/0954-3899/34/6/S01",
     SLACcitation  = "%%CITATION = JPHGB,G34,995;%%"
}
@Article{Martin:1997ns,
     author    = "Martin, Stephen P.",
     title     = "{A Supersymmetry Primer}",
     year      = "1997",
     eprint    = "hep-ph/9709356",

     SLACcitation  = "%%CITATION = HEP-PH/9709356;%%"
}
@Article{Haber:1984rc,
     author    = "Haber, Howard E. and Kane, Gordon L.",
     title     = "{The Search for Supersymmetry: Probing Physics Beyond the
                  Standard Model}",
     journal   = "Phys. Rept.",
     volume    = "117",
     year      = "1985",
     pages     = "75",
   doi       = "10.1016/0370-1573(85)90051-1",
     SLACcitation  = "%%CITATION = PRPLC,117,75;%%"
}
@Article{deBoer:1994dg,
     author    = "de Boer, W.",
     title     = "{Grand unified theories and supersymmetry in particle
                  physics and cosmology}",
     journal   = "Prog. Part. Nucl. Phys.",
     volume    = "33",
     year      = "1994",
     pages     = "201",  
     SLACcitation  = "%%CITATION = HEP-PH/9402266;%%",
     doi       = "10.1016/0146-6410(94)90045-0"
}
@Article{Nilles:1983ge,
     author    = "Nilles, Hans Peter",
     title     = "{Supersymmetry, Supergravity and Particle Physics}",
     journal   = "Phys. Rept.",
     volume    = "110",
     year      = "1984",
     pages     = "1",
 doi       = "10.1016/0370-1573(84)90008-5",
     SLACcitation  = "%%CITATION = PRPLC,110,1;%%"
}
@ARTICLE{CMS_NOTE_2006-106,
     AUTHOR       = "Aldaya, M. and Arce, P. and Caballero, J. and de la Cruz, B. and Garcia-Abia, P. and Hernandez, J.M. and Josa, M.I. and Ruiz, E.",
     TITLE        = "Discovery potential and search strategy for the Standard Model Higgs boson in the $H\to ZZ^\star\to 4\mu$ decay channel using a mass-independent analysis",
     JOURNAL      = "CMS Note",
     VOLUME       = "\href{http://cms.cern.ch/iCMS/jsp/openfile.jsp?type=NOTE&year=2006&files=NOTE2006_106.pdf}{2006/106}",
     YEAR         = "2006"
}
@Article{Beenakker:1996ed,
     author    = "Beenakker, W. and Hoepker, R. and Spira, M.",
     title     = "{PROSPINO: A program for the Production of Supersymmetric Particles In Next-to-leading Order QCD}",
     eprint    = "hep-ph/9611232",
     archivePrefix = "arXiv",
     SLACcitation  = "%%CITATION = HEP-PH/9611232 ;%%"
}
@Article{Forrest:2009gm,
     author    = "Forrest, R.",
 collaboration = "CDF",
     title     = "{Search for Supersymmetry in $p\overline{p}$ Collisions at
                  $\sqrt{s} =1.96$ TeV  Using the Trilepton Signature of
                  Chargino-Neutralino Production}",
     year      = "2009",
     eprint    = "0910.1931",
     archivePrefix = "arXiv",
     primaryClass  =  "hep-ex",
     SLACcitation  = "%%CITATION = 0910.1931;%%"
}
%% lepsusy individual papers
@article{Heister:2001nk,
      author         = "Heister, A. and others",
      title          = "{Search for scalar leptons in $e^+ e^-$ collisions at
                        center-of-mass energies up to 209 GeV}",
      collaboration  = "ALEPH",
      journal        = "Phys. Lett.",
      volume         = "B526",
      pages          = "206",
      doi            = "10.1016/S0370-2693(01)01494-0",
      year           = "2002",
}
@article{Heister:2003zk,
      author         = "Heister, A. and others",
      title          = "{Absolute mass lower limit for the lightest neutralino of
                        the MSSM from $e^+ e^-$ data at $\sqrt{s}$ up to 209 GeV}",
      collaboration  = "ALEPH",
      journal        = "Phys. Lett.",
      volume         = "B583",
      pages          = "247",
      doi            = "10.1016/j.physletb.2003.12.066",
      year           = "2004",
}
@article{Abdallah:2003xe,
      author         = "Abdallah, J. and others",
      title          = "{Searches for supersymmetric particles in $e^+ e^-$ 
                        collisions up to 208 GeV and interpretation of the results
                        within the MSSM}",
      collaboration  = "DELPHI",
      journal        = "Eur. Phys. J.",
      volume         = "C31",
      pages          = "421",
      doi            = "10.1140/epjc/s2003-01355-5",
      year           = "2003",
}
@article{Achard:2003ge,
      author         = "Achard, P. and others",
      title          = "{Search for scalar leptons and scalar quarks at LEP}",
      collaboration  = "L3",
      journal        = "Phys. Lett.",
      volume         = "B580",
      pages          = "37",
      doi            = "10.1016/j.physletb.2003.10.010",
      year           = "2004",
}
@article{Abbiendi:2003ji,
      author         = "Abbiendi, G. and others",
      title          = "{Search for anomalous production of dilepton events with
                        missing transverse momentum in $e^+ e^-$ collisions at
                        $\sqrt{s} =$ 183 - 209 GeV}",
      collaboration  = "OPAL",
      journal        = "Eur. Phys. J.",
      volume         = "C32",
      pages          = "453",
      doi            = "10.1140/epjc/s2003-01466-y",
      year           = "2004",
}
@Article{MSUGRA,
  title = {Locally Supersymmetric Grand Unification},
  author = {Chamseddine, A. H. and Arnowitt, R.  and Nath, Pran },
  journal = {Phys. Rev. Lett.},
  volume = {49},
  number = {14},
  pages = {970},
  numpages = {4},
  year = {1982},
  month = {Oct},
  doi = {10.1103/PhysRevLett.49.970},
  publisher = {American Physical Society}
}
@Article{CMSSM,
     author    = "Kane, Gordon L. and Kolda, Christopher F. and Roszkowski,
                  Leszek and Wells, James D.",
     title     = "{Study of constrained minimal supersymmetry}",
     journal   = "Phys. Rev.",
     volume    = "D49",
     year      = "1994",
     pages     = "6173",
     doi       = "10.1103/PhysRevD.49.6173"
}
@Article{JME-10-010,
	COLLABORATION = "CMS",
	title        = "Determination of the Jet Energy Scale in CMS with pp collisions at
      $\sqrt{s}=$ 7 TeV",
       JOURNAL      = "CMS Physics Analysis Summary",
       VOLUME      = "\href{http://cms-physics.web.cern.ch/cms-physics/public/JME-10-010-pas.pdf}
     {CMS-PAS-JME-10-010}",
      year         = "2010",
}
@Article{Khachatryan:2010ez,
     author    = "Khachatryan, V. and others",
 collaboration = "CMS",
     title     = "{First Measurement of the Cross Section for Top-Quark Pair
                  Production in Proton-Proton Collisions at $\sqrt{s}$=7 TeV}",
     journal   = "Phys. Lett.",
     volume    = "B695",
     year      = "2011",
     pages     = "424",
     doi       = "10.1016/j.physletb.2010.11.058",
     SLACcitation  = "%%CITATION = 1010.5994;%%"
}

@Article{Barbier:2004ez,
     author    = "Barbier, R. and others",
     title     = "{R-parity violating supersymmetry}",
     journal   = "Phys. Rept.",
     volume    = "420",
     year      = "2005",
     pages     = "1-202",
     eprint    = "hep-ph/0406039",
     archivePrefix = "arXiv",
     doi       = "10.1016/j.physrep.2005.08.006",
     SLACcitation  = "%%CITATION = HEP-PH/0406039;%%"
}

@Article{RA7PLB,
     author    = "Chatrchyan, Serguei and others",
 collaboration = "CMS",
     title     = "{Search for Physics Beyond the Standard Model Using
                  Multilepton Signatures in pp Collisions at sqrt(s)=7 TeV}",
     year      = "2011",
     eprint    = "1106.0933",
     archivePrefix = "arXiv",
     primaryClass  =  "hep-ex",
     SLACcitation  = "%%CITATION = 1106.0933;%%"
}


@Article{ref:tag-and-probe,
     author    = "Chatrchyan, Serguei and others",
 collaboration = "CMS",
     title     = "{Measurement of the Inclusive W and Z Production Cross
                  Sections in pp Collisions at sqrt(s) = 7 TeV}",
     year      = "2011",
     eprint    = "1107.4789",
     archivePrefix = "arXiv",
     primaryClass  =  "hep-ex",
     SLACcitation  = "%%CITATION = 1107.4789;%%"
}
@article{ref:electron_reconstruction,
      author         = "Baffioni, S. and Charlot, C. and Ferri, F. and Futyan, D.
                        and Meridiani, P. and others",
      title          = "{Electron reconstruction in CMS}",
      journal        = "Eur.Phys.J.",
      volume         = "C49",
      pages          = "1099-1116",
      doi            = "10.1140/epjc/s10052-006-0175-5",
      year           = "2007",
}
@article{Campbell:2011bn,
      author         = "Campbell, John M. and Ellis, R.Keith and Williams,
                        Ciaran",
      title          = "{Vector boson pair production at the LHC}",
      journal        = "JHEP",
      volume         = "1107",
      pages          = "018",
      doi            = "10.1007/JHEP07(2011)018",
      year           = "2011",
      eprint         = "1105.0020",
      archivePrefix  = "arXiv",
      primaryClass   = "hep-ph",
}
@article{Alwall:2011uj,
      author         = "Alwall, Johan and Herquet, Michel and Maltoni, Fabio and
                        Mattelaer, Olivier and Stelzer, Tim",
      title          = "{MadGraph 5 : Going Beyond}",
      journal        = "JHEP",
      volume         = "1106",
      pages          = "128",
      doi            = "10.1007/JHEP06(2011)128",
      year           = "2011",
      note           = "* Temporary entry *",
      eprint         = "1106.0522",
      archivePrefix  = "arXiv",
      primaryClass   = "hep-ph",
}
@article{Chatrchyan:2012mea,
      author         = "Chatrchyan, Serguei and others",
      title          = "{Search for anomalous production of multilepton events in
                        pp collisions at sqrt(s)=7 TeV}",
      collaboration  = "CMS",
      journal        = "JHEP",
      volume         = "1206",
      pages          = "169",
      doi            = "10.1007/JHEP06(2012)169",
      year           = "2012",
      eprint         = "1204.5341",
      archivePrefix  = "arXiv",
      primaryClass   = "hep-ex",
      reportNumber   = "CMS-SUS-11-013, CERN-PH-EP-2012-110",
      SLACcitation   = "%%CITATION = ARXIV:1204.5341;%%",
}
@article{Evans:2012bf,
      author         = "Evans, Jared A. and Kats, Yevgeny",
      title          = "{LHC Coverage of RPV MSSM with Light Stops}",
      year           = "2012",
      eprint         = "1209.0764",
      archivePrefix  = "arXiv",
      primaryClass   = "hep-ph",
      reportNumber   = "RUNHETC-2012-18",
      SLACcitation   = "%%CITATION = ARXIV:1209.0764;%%",
}
@article{CMS-PAS-BTV-11-004,
      title        = "b-Jet Identification in the CMS Experiment",
      year         = "2012",
      collaboration = "CMS"
}
@article{HiggsCMS,
      author         = "Chatrchyan, Serguei and others",
      title          = "{Observation of a new boson at a mass of 125 GeV with the
                        CMS experiment at the LHC}",
      collaboration  = "CMS",
      journal        = "Phys. Lett. B",
      volume         = "716",
      pages          = "30-61",
      doi            = "10.1016/j.physletb.2012.08.021",
      year           = "2012",
      eprint         = "1207.7235",
      archivePrefix  = "arXiv",
      primaryClass   = "hep-ex",
      reportNumber   = "CMS-HIG-12-028, CERN-PH-EP-2012-220",
      SLACcitation   = "%%CITATION = ARXIV:1207.7235;%%",
}
@article{HiggsATLAS,
      author         = "Aad, Georges and others",
      title          = "{Observation of a new particle in the search for the
                        Standard Model Higgs boson with the ATLAS detector at the
                        LHC}",
      collaboration  = "ATLAS Collaboration",
      journal        = "Phys. Lett. B",
      volume         = "716",
      pages          = "1-29",
      doi            = "10.1016/j.physletb.2012.08.020",
      year           = "2012",
      eprint         = "1207.7214",
      archivePrefix  = "arXiv",
      primaryClass   = "hep-ex",
      reportNumber   = "CERN-PH-EP-2012-218",
      SLACcitation   = "%%CITATION = ARXIV:1207.7214;%%",
}

@article{AN2012:248,
	author="Chen, M and others",
	title = "Search for Direct Electroweak Production of Charginos and Neutralinos with the Tri-lepton Plus Missing Energy Final State",
	reportNumber = "AN/2012-248"
	}


@article{AN2012:255,
	author="de Boer, Wim and others",
	title = "Search for SUSY using signatures with at least three leptons and missing transverse energy and/or high jet activity at $\sqrt{s}$=8 TeV",
	reportNumber = "AN/2012-255"
	}


@article{AN2012:256,
	author="Arora, Sanjay and others",
	title = "A Search for Direct Chargino Neutralino production with three or more leptons using 9.5 fb$^{-1}$ of $\sqrt{s}$=8 TeV CMS data",
	reportNumber = "AN/2012-256"
	}

@article{AN2012:257,
	author="Arora, Sanjay and others",
	title = "Background and Efficiency Determination Methods for Multilepton Analyses",
	reportNumber = "AN/2012-257"
	}
@TECHREPORT{CMS-PAS-SUS-12-022,
      AUTHOR      = "{CMS Collaboration}",
      COLLABORATION = {CMS},
      TITLE       = "Search for direct EWK production of SUSY particles in multilepton modes with 8TeV data",
      URL         = "http://cdsweb.cern.ch/record/1279362",
      TYPE     = "CMS Physics Analysis Summary",
      NUMBER      = "CMS-PAS-SUS-12-022",
      YEAR        = "2012"
}
